@inproceedings{Alvarado04,
  author = {Christine Alvarado and Randall Davis},
  title = {SketchREAD: a multi-domain sketch recognition engine},
  booktitle = {UIST '04: Proceedings of the 17th annual ACM symposium on User interface software and technology},
  year = {2004},
  isbn = {1-58113-957-8},
  pages = {23--32},
%  location = {Santa Fe, NM, USA},
%  doi = {http://doi.acm.org/10.1145/1029632.1029637},
%  publisher = {ACM Press},
%  address = {New York, NY, USA},
}
 
@inproceedings{Sezgin01,
  author = {Tevfik Metin Sezgin and Thomas Stahovich and Randall Davis},
  title = {Sketch based interfaces: early processing for sketch understanding},
  booktitle = {PUI '01: Proceedings of the 2001 workshop on Perceptive user interfaces},
  year = {2001},
  pages = {1--8},
%  location = {Orlando, Florida},
%  doi = {http://doi.acm.org/10.1145/971478.971487},
%  publisher = {ACM Press},
%  address = {New York, NY, USA},
}

@inproceedings{Yu03,
  author = {Bo Yu and Shijie Cai},
  title = {A domain-independent system for sketch recognition},
  booktitle = {GRAPHITE '03: Proceedings of the 1st international conference on Computer graphics and interactive techniques in Australasia and South East Asia},
  year = {2003},
  isbn = {1-58113-578-5},
  pages = {141--146},
%  location = {Melbourne, Australia},
%  doi = {http://doi.acm.org/10.1145/604471.604499},
%  publisher = {ACM Press},
%  address = {New York, NY, USA},
}

@inproceedings{Stahovich04,
  author = {Thomas F. Stahovich},
  title = {Segmentation of Pen Strokes Using Pen Speed},
  booktitle = {AAAI Fall Symposium Series 2004: Making Pen-Based Interaction Intelligent and Natural},
  year = {2004},
}

@inproceedings{Kara04,
 author = {Levent Burak Kara and Thomas F. Stahovich},
 title = {Sim-U-Sketch: a sketch-based interface for SimuLink},
 booktitle = {AVI '04: Proceedings of the working conference on Advanced visual interfaces},
 year = {2004},
 isbn = {1-58113-867-9},
 pages = {354--357},
% location = {Gallipoli, Italy},
% doi = {http://doi.acm.org/10.1145/989863.989923},
% publisher = {ACM Press},
% address = {New York, NY, USA},
 }