@InProceedings{Apitz2004Crossy,
  author = 	 {G. Apitz and F. Guimbreti\`{e}re},
  title = 	 {Cross{Y}: {A} Crossing-Based Drawing Application},
  booktitle =    {Proc. of UIST},
  year = 	 {2004},
  OPTnote = 	 {user interfaces},
  OPTannote = 	 {}
}

@InProceedings{Mankoff2000Providing,
  author =   {J. Mankoff and S. E. Hudson and G.
                  D. Abowd},
  title =    {Providing integrated toolkit-level support for
                  ambiguity in recognition-based interfaces},
  booktitle =    {Proc. of CHI},
  year =     {2000},
  OPTkeywords =  {General Sketch Recogntion}
}

@Article{LaViola2004MathPad,
  author = 	 {LaViola, J. and Zeleznik, R.},
  title = 	 {MathPad2: A System for the Creation and Exploration of Mathematical Sketches},
  journal = 	 {Proc. of SIGGRAPH},
  year = 	 {2004},
  volume = 	 {23},
  number = 	 {3},
}

@Article{Tesler1981Smalltalk,
  author = 	 {L. Tesler },
  title = 	 {The Smalltalk Environment},
  journal = 	 {Byte},
  year = 	 {1981},
  volume = 	 {6},
  pages = 	 {90--147},
  month = 	 {August},
  OPTnote = 	 {},
  OPTannote = 	 {This paper talks about the trouble with modal interfaces.}
}

@inproceedings{Zeleznik2006Fluid,
 author = {R. Zeleznik and T. Miller},
 title = {Fluid inking: augmenting the medium of free-form inking with gestures},
 booktitle = {Proc. of Graphics Interface},
 year = {2006},
 }


@InProceedings{Grossman2006Hover,
  author = 	 {T. Grossman and K. Hinkley and P. Baudisch and M. Agrawala 
                  and R. Balakrishnan},
  title = 	 {Hover Widgets: Using the Tracking State to Extend Capabilities 
                  of Pen-Operated Devices},
  booktitle =    {Proc. of CHI},
  year = 	 {2006},
}

@InProceedings{Hinckley2005Design,
  author = 	 {K. Hinckley and P. Baudisch and G. Ramos and F. Guimbreti\`{e}re},
  title = 	 {Design and Analysis of Delimiters for Selection-Action Pen Gesture Phases in Scriboli},
  booktitle =    {Proc. of CHI},
  year = 	 {2005},
  OPTnote = 	 {},
  OPTannote = 	 {}
}

@InProceedings{Li2005Experimental,
  author = 	 {Y. Li and K. Hinckley and Z. Guan and J. Landay},
  title = 	 {An Experimental Analysis of Mode Switching Techniques 
                  in Pen-based User Interfaces},
  booktitle =    {Proceedings of CHI},
  year = 	 {2005},
  OPTnote = 	 {},
  OPTannote = 	 {}
}

@InProceedings{Guimbertiere2001Flowmenu,
  author = 	 {F. Guimbreti\`{e}re and T. Winnograd},
  title = 	 {Flow{M}enu: Combining Command, Text and Data Entry},
  booktitle =    {Proc. of UIST},
  year = 	 {2001},
  OPTnote = 	 {},
  OPTannote = 	 {}
}

@InProceedings{Hinckley2006Springboard,
  author = 	 {K. Hinckley and F. Guimbreti\`{e}re and P. Baudisch and R. Sarin and M. Agrawala and E. Cutrell},
  title = 	 {The Springboard: Multiple Modes in One Spring-loaded Control},
  booktitle =    {Proc. of CHI},
  year = 	 {2006},
  OPTnote = 	 {},
  OPTannote = 	 {}
}

@InProceedings{Perlin1998Quikwriting,
  author = 	 {K. Perlin},
  title = 	 {Quikwriting: Continuous Stylus-based Text Entry},
  booktitle =    {Proc. of UIST},
  pages = 	 {215--216},
  year = 	 {1998},
}

@inproceedings{Subramanian2006Multilayer,
 author = {S. Subramanian and D. Aliakseyeu and A. Lucero},
 title = {Multi-layer interaction for digital tables},
 booktitle = {Proc. of UIST},
 year = {2006},
 }

@inproceedings{Kattinakere2007Modeling,
 author = {R. S. Kattinakere and T. Grossman and S. Subramanian},
 title = {Modeling steering within above-the-surface interaction layers},
 booktitle = {Proc. of CHI},
 year = {2007},
 }

@InProceedings{Saund2003Perceptually,
  author =   {E. Saund and D. Fleet and D. Larner and
                  J. Mahoney},
  title =    {Perceptually Supported Image Editing of Text and
                  Graphics},
  booktitle =    {Proc. of UIST '03},
  year =     {2003},
  OPTurl =
                  {http://www2.parc.com/spl/members/saund/papers/scanscribe-uist03.pdf},
  OPTannote =    {won best paper},
  OPTkeywords =  {Domain Sketch System}
}

@inproceedings{Saund2003Stylus,
 author = {E. Saund and E. Lank},
 title = {Stylus input and editing without prior selection of mode},
 booktitle = {Proc. of UIST},
 year = {2003},
 }
