@techreport{wallach:CRFintro,
	author = "Hanna M. Wallach",
	title = "Conditional Random Fields: An Introduction",
	institution = "Department of Computer and Information Science, University of Pennsylvania",
	number = "MS-CIS-04-21",
	year = "2004"
}
	
@incollection{sutton:CRFintro,
	author = "Charles Sutton and Andrew McCallum",
	title = "An Introduction to Conditional Random Fields for Relational Learning",
	booktitle = "Introduction to Statistical Relational Learning",
	editor = "Lise Getoor and Ben Taskar",
	publisher = "MIT Press",
	year = "2006",
	abstract = "An overview and introduction to conditional random fields for beginners and experts alike---motivation, background, mathematical foundations, linear-chain form, general-structure form, inference, parameter estimation, tips and tricks, an example application to information extraction with a skip-chain structure."
}

@inproceedings{szummer:CRFrecog,
	author = "Martin Szummer and Yuan Qi",
	title = "Contextual Recognition of Hand-drawn Diagrams with Conditional Random Fields",
	year = "2004",
	booktitle = "2004 9th Intl. Workshop on Frontiers in Handwriting Recognition (IWFHR)",
}

@inproceedings{szummer:HRF,
	author = "Martin Szummer",
	title = "Learning Diagram Parts with Hidden Random Fields",
	year = "2005",
	booktitle = "2005 Intl Conf Document Analysis and Recognition (ICDAR)"
}

@unpublished{shewchuk:ConjGrad,
	author = "Jonathan Richard Shewchuk",
	title = "An Introduction to the Conjugate Gradient Method Without the Agonizing Pain",
	edition = "1 1/4",
	institution = "Deperatment of Computer Science, Carnegie Mellon University",
	year = "1994",
	URL = "http://www.cs.cmu.edu/$\sim$quake-papers/painless-conjugate-gradient.pdf",
	note = "This paper is available online at http://www.cs.cmu.edu/$\sim$quake-papers/painless-conjugate-gradient.pdf"
}

@inproceedings{ lafferty01conditional,
    author = "John Lafferty and Andrew McCallum and Fernando Pereira",
    title = "Conditional Random Fields: {P}robabilistic Models for Segmenting and Labeling Sequence Data",
    booktitle = "Proc. 18th International Conf. on Machine Learning",
    publisher = "Morgan Kaufmann, San Francisco, CA",
    pages = "282--289",
    year = "2001",
    url = "citeseer.ist.psu.edu/lafferty01conditional.html" 
}

@unpublished{ wolin:fragmenter,
	author = "Aaron Wolin",
	title = "Fragmenter",
	note = "The title for this paper is not final, nor is it done being written at the time of this writing."
}

@unpublished{ smith:segmentation,
	author = "Devin Smith",
	title = "Segmenting Labeled Strokes",
	note = "Title not final, this paper is unfinished as of the time of this writing."
}

@inproceedings{cowansSzummer,
	author = "Philip J. Cowans and Martin Szummer",
	title = "A Graphical Model for Simultaneous Partitioning and Labeling",
	booktitle = "2005 AI \& Statistics, Tenth International Workshop on Artificial Intelligence and Statistics",
	year = "2005",
	url = "http://research.microsoft.com/$\sim$szummer/papers/CowansSzummer-aistats05.pdf"
}

@misc{murphy:CRF,
	author = "Kevin Murphy",
	title = "CRF Toolbox for Matlab",
	howpublished = "Matlab code, published online at http://www.cs.ubc.ca/$\sim$murphyk/Software/CRF/crf.html"
}