inproceedings{ dietrich95weighting,
    author = "Wettschereck, Dietrich and Aha, David W.",
    title = "Weighting Features",
    booktitle = "Case-Based Reasoning, Research and Development, First International Conference",
    publisher = "Springer Verlag",
    address = "Berlin",
    editor = "Veloso, Manuela and Aamodt, Agnar",
    pages = "pages 347--358",
    year = "1995",
    url = "citeseer.ist.psu.edu/wettschereck95weighting.html" }

misc{ demiroz96genetic,
  author = "G. Demiroz and H. Guvenir",
  title = "Genetic Algorithms to Learn Feature Weights for the Nearest Neighbor Algorithm",
  text = "G. Demiroz and H. A. Guvenir, Genetic Algorithms to Learn Feature Weights
    for the Nearest Neighbor Algorithm, in: Proceedings of BENELEARN-96 (1996)
    117-126.",
  year = "1996",
  url = "citeseer.ifi.unizh.ch/demiroz96genetic.html" }
  
@inbook{ pattern, 
	author = "Richard O. Duda and Peter E. Hart and David G. Stork",
	title = "Pattern Classification",
	booktitle = "Pattern Classification",
	edition = "Second",
	publisher = "A Wiley-Interscience Publication",
	address = "New York",
	pages = "page 9",
	year = "2001",
	ISBN = "0-471-05669-3" }
	
@inproceedings{ spatial,
	author = "Michael Shilman and Paul Viola",
	title = "Spatial Recognition and Grouping of Text and Graphics",
	editor = "John F. Hughes and Joaquim A. Jorge",
	address = "Redmond, WA",
	institution = "Microsoft Research",
	year = "2004" }
	
@article{ zernike,
author = {Heloise Hse and A. Richard Newton},
title = {Sketched Symbol Recognition using Zernike Moments},
journal = {icpr},
volume = {01},
year = {2004},
issn = {1051-4651},
pages = {367-370},
doi = {http://doi.ieeecomputersociety.org/10.1109/ICPR.2004.1334128},
publisher = {IEEE Computer Society},
address = {Los Alamitos, CA, USA},
}

@misc{ ping-simple,
  author = "Stefan Rüping",
  title = "A Simple Method for Estimating Conditional Probabilities for SVMs",
  text =  "A Simple Method for Estimating Conditional Probabilities for SVMs",
  url = "citeseer.ist.psu.edu/733732.html",
  year = "2004"}
  
@article{ roth01probabilistic,
    author = "Volker Roth",
    title = "Probabilistic Discriminative Kernel Classifiers for Multi-class Problems",
    journal = "Lecture Notes in Computer Science",
    volume = "2191",
    pages = "246",
    year = "2001",
    url = "citeseer.ist.psu.edu/roth01probabilistic.html" }
    
@article{kara,
	author = "Leslie Gennari and Levent Burak Kara and Thomas F. Stahovich",
	year = "2005",
	title = "Combining Geometry and Domain Knowledge to Interpret Hand-Drawn Diagrams",
	text = "Combining Geometry and Domain Knowledge to Interpret Hand-Drawn Diagrams",
	journal = "Computers \& Graphics 29(4)",
	pages = "547-562"}
	
	