@unpublished{wolin:fragmenter,
	author = "Aaron Wolin",
	title = "Fragmenter",
	note = "Paper unfinished"
}

@unpublished{smith:segmentation,
	author = "Devin Smith",
	title = "Segmenting Labeled Strokes",
	note = "Paper unfinished"
}

@unpublished{fennellPflueger:CRF,
	author = "Jason Fennell and Max Pflueger",
	title = "Conditional Random Fields for the Classification of Digital Logic Circuits",
	note = "Paper unfinished"
}