@inproceedings{dollar,
 author = {Wobbrock, Jacob O. and Wilson, Andrew D. and Li, Yang},
 title = {Gestures without libraries, toolkits or training: a \$1 recognizer for user interface prototypes},
 booktitle = {UIST '07: Proceedings of the 20th annual ACM symposium on User interface software and technology},
 year = {2007},
 pages = {159--168},
 publisher = {ACM},
 address = {New York, NY, USA},
 }

@article{rubine,
 author = {Rubine, Dean},
 title = {Specifying gestures by example},
 journal = {SIGGRAPH Comput. Graph.},
 volume = {25},
 number = {4},
 year = {1991},
 pages = {329--337},
 publisher = {ACM},
 address = {New York, NY, USA},
 }
 
@inproceedings{Blagojevic2008Data,
 author = {R. Blagojevic and B. Plimmer and J. Grundy and Y. Wang},
 title = {A Data Collection Tool for Sketched Diagrams},
 booktitle = {5th Eurographics Conference on Sketch Based Interfaces and Modeling (SBIM ’08)},
 year = {2008},
 location = {Annecy, France},
}
 
 
@inproceedings{Wolin2007Labeler,
 author = {Wolin,, Aaron and Smith,, Devin and Alvarado,, Christine},
 title = {A pen-based tool for efficient labeling of 2D sketches},
 booktitle = {Proceedings of SBIM},
 year = {2007},
 isbn = {978-1-59593-915-3},
 pages = {67--74},
 location = {Riverside, California},
 doi = {http://doi.acm.org/10.1145/1384429.1384446},
 publisher = {ACM},
 address = {New York, NY, USA},
 }
 
@InProceedings{Paulson2008SOUSA,
  author =       {B. Paulson and A. Wolin and J. Johnston and T. Hammond},
  title =        {SOUSA: Sketch-based Online User Study Applet},
  booktitle =    {Proceedings SBIM},
  year =         {2008},
}

 
@InProceedings {Oltmans2004ETCHASketch,
  author =       {Michael Oltmans and Christine Alvarado and Randall
                  Davis},
  title =        {ETCHA Sketches: Lessons Learned from Collecting
                  Sketch Data},
  booktitle =    {Making Pen-Based Interaction Intelligent and
                  Natural},
  year =         {2004},

}

@Article{Kara2005ImageBased,
  author = 	 {Levent Burak Kara and Thomas F. Stahovich},
  title = 	 {An Image-Based, Trainable Symbol Recognizer for 
                  Hand-drawn Sketches},
  journal = 	 {Computers and Graphics: Special Issue on Pen-Based 
                  User Interfaces},
  year = 	 {2005},
}

@InProceedings{Alvarado2007Properties,
  author = 	 {Christine Alvarado and Michael Lazzareschi},
  title = 	 {Properties of Real-World Digital Logic Diagrams},
  booktitle =    {Proc. of the 1st International Workshop on Pen-Based Learning Technologies (PLT-07)},
  year = 	 {2007},
}

@Article{Anderson2005Study,
  author = 	 {Richard Anderson and Ruth Anderson and Crystal Hoyer and Craig Prince and Jonathan Su and Fred Videon and Steve Wolfman},
  title = 	 "A Study of Diagrammatic {Ink} in Lecture",
  journal = 	 {Computers and Graphics: Special Issues on Pen-based Computing},
  year = 	 {2005},
}

@InProceedings{Shilman2003Discerning,
  author =   {Michael Shilman and Zile Wei and Sashi Raghupathy
                  and Patrice Simard and David Jones},
  title =    {Discerning Structure from Freeform Handwritten
                  Notes},
  booktitle =    {Proc. ICDAR},
  year =     {2003},
  keywords =     {General Sketch Recognition},
}

@conference{hse2004ssr,
  title={{Sketched symbol recognition using zernike moments}},
  author={Hse, H. and Newton, AR},
  booktitle={Pattern Recognition, 2004. ICPR 2004. Proceedings of the 17th International Conference on},
  volume={1},
  year={2004}
}

@Article{Hse2005Recognition,
  author = 	 {Heloise Hse and A. Richard Newton},
  title = 	 {Recognition and Beautification of Multi-Stroke Symbols in Digital Ink},
  journal = 	 {Computers and Graphics},
  volume =       {29},
  number =       {4},
  year = 	 {2005},
}

@article{Sezgin2007Sketch,
author = {Tevfik Metin Sezgin and Randall Davis},
title = {Sketch Interpretation Using Multiscale Models of Temporal Patterns},
journal = {IEEE Computer Graphics and Applications},
volume = {27},
number = {1},
year = {2007},
issn = {0272-1716},
pages = {28-37},
}

@inproceedings{Zeleznik2008Lineogrammer,
 author = {Zeleznik,, Robert C. and Bragdon,, Andrew and Liu,, Chu-Chi and Forsberg,, Andrew},
 title = {Lineogrammer: creating diagrams by drawing},
 booktitle = {UIST '08: Proceedings of the 21st annual ACM symposium on User interface software and technology},
 year = {2008},
 isbn = {978-1-59593-975-3},
 pages = {161--170},
 location = {Monterey, CA, USA},
 doi = {http://doi.acm.org/10.1145/1449715.1449741},
 publisher = {ACM},
 address = {New York, NY, USA},
 }
 
 @Article{Lee2008Newton,
  author = 	 {Lee,, WeeSan and de Sliva,, Ruwanee and Peterson,,Eric J. and 
              Calfee,, Robert C. and Stahovich, Thomas F.},
  title = 	 {Newton's Pen---A Pen-based Tutoring System for Statics},
  journal = 	 {Computers and Graphics Special Issue on Sketch-Based Interfaces and Modeling},
  year = 	 {2008},
  month =    {October},
  volume = 	 {32},
  number =   {5},
  pages =    {511--524},
}

@inproceedings{shark2,
 author = {Kristensson,, Per-Ola and Zhai,, Shumin},
 title = {SHARK2: a large vocabulary shorthand writing system for pen-based computers},
 booktitle = {Proceedings of UIST},
 year = {2004},
 pages = {43--52},

 }
 
@article{Hammond2004Automatically,
  author =   {Tracy Hammond and Randall Davis},
  title =    {Automatically Transforming Symbolic Shape
                  Descriptions for Use in Sketch Recognition},
  year =     {2004},
  journal =  {Proceedings AAAI},
  OPTkeywords =  {General Sketch Recognition, Language}
}

@InProceedings{Alvarado2004SketchREAD,
  author =   {Christine Alvarado and Randall Davis},
  title =    {SketchREAD: A Multi-Domain Sketch Recognition
                  Engine},
  booktitle =    {Proc. UIST},
  year =     {2004},
  OPTkeywords =  {General Sketch Recognition}
}


@Article{Miller2005Data,
  author = 	 {Learned-Miller,, Erik},
  title = 	 {Data driven image models through continuous joint alignment},
  journal = 	 {IEEE Transactions on Pattern Analysis and Machine Intelligence (PAMI)},
  year = 	 {2005},
  number =   {3},
  pages =    {236--250},
}

@INPROCEEDINGS{Fonseca02cali,
    author = {Manuel J. Fonseca and César Pimentel and Joaquim A. Jorge},
    title = {CALI: An Online Scribble Recognizer for Calligraphic Interfaces},
    booktitle = {Sketch Understanding, Papers from the 2002 AAAI Spring Symposium},
    year = {2002},
    pages = {51--58}
}

@InProceedings{Lee2006Efficient,
  author = 	 {WeeSan Lee and Levent Burak Kara and Thomas F. Stahovich},
  title = 	 {An Efficient Graph-Based Symbol Recognizer},
  booktitle =    {Eurographics Workshop on Sketch-Based Interfaces and Modeling},
  year = 	 {2006},
  url =          {http://www.eg.org/EG/DL/WS/SBM/SBM06}
}