@InProceedings{Oltmans2004ETCHASketch,
  author = {Michael Oltmans and Christine Alvarado and Randall Davis},
  title = {ETCHA Sketches: Lessons Learned from Collecting Sketch Data},
  booktitle = {Making Pen-Based Interaction Intelligent and Natural},
  year = {2004},
  publisher = {AAAI Fall Symposium},
  OPTkeyword = {general sketch recognition},
  address =	{Menlo Park, California},
  month =	{October 21-24},
  pages =	{134-140},
}

@Misc{MITXML,
  howpublished = {http://rationale.csail.mit.edu/ETCHASketches/format/},
}

@Article{Gennari2005Combining,
  author = 	 {Leslie Gennari and Levent Burak Kara and Thomas F. Stahovich},
  title = 	 {Combining Geometry and Domain Knowledge to Interpret Hand-Drawn Diagrams},
  journal = 	 {Computers and Graphics: Special Issue on Pen-Based User Interfaces},
  year = 	 {2005},
}


@InProceedings{Alvarado2004SketchREAD,
  author =   {Christine Alvarado and Randall Davis},
  title =    {SketchREAD: A Multi-Domain Sketch Recognition
                  Engine},
  booktitle =    {Proc. UIST},
  year =     {2004},
  OPTkeywords =  {General Sketch Recognition}
}

@Article{Lank2005Sloppy,
  author = 	 {Edward Lank and Eric Saund},
  title = 	 {Sloppy Selection: Providing an Accurate Interpretation of Imprecise Stylus Selection Gestures},
  journal = 	 {Computers and Graphics},
  year = 	 {2005},
  volume = 	 {29},
  number = 	 {4},
  pages = 	 {490--500},
  month = 	 {August},
}


@inproceedings{Diakopoulos2006Videotater,
  author = {Nicholas Diakopoulos and Irfan Essa},
  title = {Videotater: an approach for pen-based digital video segmentation and tagging},
  booktitle = {UIST '06: Proceedings of the 19th annual ACM symposium on User interface software and technology},
  year = {2006},
  isbn = {1-59593-313-1},
  pages = {221--224},
  location = {Montreux, Switzerland},
  doi = {http://doi.acm.org/10.1145/1166253.1166287},
  publisher = {ACM Press},
  address = {New York, NY, USA},
}

@article{Russell2005LabelMe,
	author = {Russell, B. C.  and Torralba, A.  and Murphy, K. P.  and Freeman, W. T. },
	citeulike-article-id = {942278},
	journal = {MIT AI Lab Memo AIM-2005-025},
	keywords = {labelme},
	priority = {2},
	title = {LabelMe: a Database and Web-Based Tool for Image Annotation},
	year = {2005}
}

@inproceedings{Saund2003ScanScribe,
  author = {Eric Saund and David Fleet and Daniel Larner and James Mahoney},
  title = {Perceptually-supported image editing of text and graphics},
  booktitle = {UIST '03: Proceedings of the 16th annual ACM symposium on User interface software and technology},
  year = {2003},
  isbn = {1-58113-636-6},
  pages = {183--192},
  location = {Vancouver, Canada},
  doi = {http://doi.acm.org/10.1145/964696.964717},
  publisher = {ACM Press},
  address = {New York, NY, USA},
}

@inproceedings{Saund2003InkScribe,
  author = {Eric Saund and Edward Lank},
  title = {Stylus input and editing without prior selection of mode},
  booktitle = {UIST '03: Proceedings of the 16th annual ACM symposium on User interface software and technology},
  year = {2003},
  isbn = {1-58113-636-6},
  pages = {213--216},
  location = {Vancouver, Canada},
  doi = {http://doi.acm.org/10.1145/964696.964720},
  publisher = {ACM Press},
  address = {New York, NY, USA},
}
  
@inproceedings{Sezgin01,
  author = {Tevfik Metin Sezgin and Thomas Stahovich and Randall Davis},
  title = {Sketch based interfaces: early processing for sketch understanding},
  booktitle = {PUI '01: Proceedings of the 2001 workshop on Perceptive user interfaces},
  year = {2001},
  pages = {1--8},
  location = {Orlando, Florida},
  doi = {http://doi.acm.org/10.1145/971478.971487},
  publisher = {ACM Press},
  address = {New York, NY, USA},
}

@inproceedings{Stahovich04,
  author = {Thomas F. Stahovich},
  title = {Segmentation of Pen Strokes Using Pen Speed},
  booktitle = {AAAI Fall Symposium Series 2004: Making Pen-Based Interaction Intelligent and Natural},
  year = {2004},
}

@InProceedings{Sezgin2004Scale,
  author = 	 {Tevfik Metin Sezgin and Randall Davis},
  title = 	 {Scale-space Based Feature Point Detection for Digital Ink},
  booktitle =    {Making Pen-Based Interaction Intelligent and Natural, AAAI Spring Symposium},
  year = 	 {2004},
}

@InProceedings{Hse2004Sketched,
  author = 	 {Heloise Hse and A. Richard Newton},
  title = 	 {Sketched Symbol Recognition using Zernike Moments},
  booktitle =    {Proceedings of the Pattern Recognition, 17th International Conference on (ICPR'04)},
  year = 	 {2004},
}

@Article{Lee2007Efficient,
  author = 	 {WeeSan Lee and Levent Burak Kara and Thomas F. Stahovich},
  title = 	 {An Efficient Graph-Based Symbol Recognizer},
  journal = 	 {Computers and Graphics Special Issue on Sketch-Based Interfaces and Modeling},
  year = 	 {2007},
}

